@article{qu2011two,
  title={Two-stage product platform development for mass customisation},
  author={Qu, Ting and Bin, S and Huang, George Q and Yang, HD},
  journal={International Journal of Production Research},
  volume={49},
  number={8},
  pages={2197--2219},
  year={2011},
  publisher={Taylor \& Francis}
}

@inproceedings{qiao2002general,
  title={General applications 2: simulation system modeling for mass customization manufacturing},
  author={Qiao, Guixiu and McLean, Charles and Riddick, Frank},
  booktitle={Proceedings of the 34th conference on Winter simulation: exploring new frontiers},
  pages={2031--2036},
  year={2002},
  organization={Winter Simulation Conference}
}

@article{kumar2007scalable,
  title={Scalable platforms using ant colony optimization},
  author={Kumar, Rupesh and Allada, Venkat},
  journal={Journal of Intelligent Manufacturing},
  volume={18},
  number={1},
  pages={127--142},
  year={2007},
  publisher={Springer}
}

@phdthesis{jiao1998design,
  title={Design for mass customization by developing product family architecture},
  author={Jiao, Jianxin},
  year={1998}
}

@article{park2008toward,
  title={Toward an activity-based costing system for product families and product platforms in the early stages of development},
  author={Park, Jaeil and Simpson, Timothy W},
  journal={International Journal of Production Research},
  volume={46},
  number={1},
  pages={99--130},
  year={2008},
  publisher={Taylor \& Francis}
}

@article{zhang2008simultaneous,
  title={Simultaneous configuration of platform products and manufacturing supply chains},
  author={Zhang, Xinyan and Huang, George Q and Rungtusanatham, M Johnny},
  journal={International Journal of Production Research},
  volume={46},
  number={21},
  pages={6137--6162},
  year={2008},
  publisher={Taylor \& Francis}
}

@article{zhang2010simultaneous,
  title={Simultaneous configuration of platform products and manufacturing supply chains: comparative investigation into impacts of different supply chain coordination schemes},
  author={Zhang, Xinyan and Huang, George Q and Humphreys, Paul K and Botta-Genoulaz, Valerie},
  journal={Production Planning \& Control},
  volume={21},
  number={6},
  pages={609--627},
  year={2010},
  publisher={Taylor \& Francis}
}

@book{wheelwright1992revolutionizing,
  title={Revolutionizing product development: quantum leaps in speed, efficiency, and quality},
  author={Wheelwright, Steven C and Clark, Kim B},
  year={1992},
  publisher={Simon and Schuster}
}

@book{meyer1997power,
  title={The power of product platforms},
  author={Meyer, Marc H and Lehnerd, Alvin P},
  year={1997},
  publisher={Simon and Schuster}
}

@article{robertson1998planning,
  title={Planning for product platforms},
  author={Robertson, David and Ulrich, Karl},
  journal={Sloan management review},
  volume={39},
  number={4},
  pages={19},
  year={1998},
  publisher={Sloan Managment Review Association.}
}

@article{salvador2002mass,
  title={How to mass customize: Product architectures, sourcing configurations},
  author={Salvador, Fabrizio and Forza, Cipriano and Rungtusanatham, Manus},
  journal={Business Horizons},
  volume={45},
  number={4},
  pages={61--69},
  year={2002},
  publisher={Elsevier}
}

@article{lee1997modelling,
  title={Modelling the costs and benefits of delayed product differentiation},
  author={Lee, Hau L and Tang, Christopher S},
  journal={Management science},
  volume={43},
  number={1},
  pages={40--53},
  year={1997},
  publisher={INFORMS}
}

@article{simpson2001product,
  title={Product platform design: method and application.},
  author={Simpson, Timothy W and Maier, Jonathan RA and Mistree, Farrokh},
  journal={Research in engineering Design},
  volume={13},
  number={1},
  year={2001},
  publisher={Springer}
}

@article{berry1992product,
  title={Product structure analysis for the master scheduling of assemble-to-order products},
  author={Berry, William L and Tallon, William J and Boe, Warren J},
  journal={International Journal of Operations \& Production Management},
  volume={12},
  number={11},
  pages={24--41},
  year={1992},
  publisher={MCB UP Ltd}
}

@article{collier1981measurement,
  title={The measurement and operating benefits of component part commonality},
  author={Collier, David A},
  journal={Decision Sciences},
  volume={12},
  number={1},
  pages={85--96},
  year={1981},
  publisher={Wiley Online Library}
}

@article{dogramaci1979design,
  title={Design of common components considering implications of inventory costs and forecasting},
  author={Dogramaci, Ali},
  journal={AIIE Transactions},
  volume={11},
  number={2},
  pages={129--135},
  year={1979},
  publisher={Taylor \& Francis}
}

@article{baker1985safety,
  title={Safety stocks and component commonality},
  author={Baker, Kenneth R},
  journal={Journal of Operations Management},
  volume={6},
  number={1},
  pages={13--22},
  year={1985},
  publisher={Elsevier}
}

@article{benton1990vendor,
  title={Vendor performance and alternative manufacturing environments},
  author={Benton, WC and Krajewski, Lee},
  journal={Decision Sciences},
  volume={21},
  number={2},
  pages={403--415},
  year={1990},
  publisher={Wiley Online Library}
}

@article{gerchak1989component,
  title={Component commonality in assemble-to-order systems: Models and properties},
  author={Gerchak, Yigal and Henig, Mordechai},
  journal={Naval Research Logistics (NRL)},
  volume={36},
  number={1},
  pages={61--68},
  year={1989},
  publisher={Wiley Online Library}
}

@incollection{wilhelm1997platform,
  title={Platform and modular concepts at Volkswagenâ€”their effects on the assembly process},
  author={Wilhelm, Bernd},
  booktitle={Transforming automobile assembly},
  pages={146--156},
  year={1997},
  publisher={Springer}
}

@article{krishnan2001product,
  title={Product development decisions: A review of the literature},
  author={Krishnan, Viswanathan and Ulrich, Karl T},
  journal={Management science},
  volume={47},
  number={1},
  pages={1--21},
  year={2001},
  publisher={INFORMS}
}

@article{simpson2004product,
  title={Product platform design and customization: Status and promise},
  author={Simpson, Timothy W},
  journal={Ai Edam},
  volume={18},
  number={1},
  pages={3--20},
  year={2004},
  publisher={Cambridge University Press}
}

@article{jose2005modular,
  title={Modular and platform methods for product family design: literature analysis},
  author={Jose, Alberto and Tollenaere, Michel},
  journal={Journal of Intelligent manufacturing},
  volume={16},
  number={3},
  pages={371--390},
  year={2005},
  publisher={Springer}
}

@inproceedings{allada2006product,
  title={Product platform problem taxonomy: Classification and identification of benchmark problems},
  author={Allada, Venkat and Choudhury, Abhijit K and Pakala, Padmavathi K and Simpson, Timothy W and Scott, Michael J and Valliyappan, Somasundaram},
  booktitle={Proceedings of DETC, ASME Design Engineering Technical conferences},
  year={2006}
}

@article{ben2009solving,
  title={Solving the multiple platforms configuration problem},
  author={Ben-Arieh, D and Easton, T and Choubey, AM},
  journal={International journal of production research},
  volume={47},
  number={7},
  pages={1969--1988},
  year={2009},
  publisher={Taylor \& Francis}
}

@article{simpson2001balancing,
  title={Balancing commonality and performance within the concurrent design of multiple products in a product family},
  author={Simpson, Timothy W and Seepersad, Carolyn Conner and Mistree, Farrokh},
  journal={Concurrent Engineering},
  volume={9},
  number={3},
  pages={177--190},
  year={2001},
  publisher={Sage Publications Sage CA: Thousand Oaks, CA}
}

@article{hernandez2003platform,
  title={Platform design for customizable products as a problem of access in a geometric space},
  author={Hernandez, Gabriel and Allen, Janet K and Mistree, Farrokh},
  journal={Engineering Optimization},
  volume={35},
  number={3},
  pages={229--254},
  year={2003},
  publisher={Taylor \& Francis}
}

@inproceedings{fujita1999product,
  title={Product variety deployment and its optimization under modular architecture and module commonalization},
  author={Fujita, Kikuo and Sakaguchi, Hisato and Akagi, Shinsuke},
  booktitle={ASME Design Engineering Technical Conferences--Design for Manufacturing, Las Vegas, NV, Paper No. DETC99= DFM-8923},
  year={1999},
  organization={Citeseer}
}

@article{fujita2004pro,
author={Fujita,Kikuo and Yoshida,Hiroko},
year={2004},
title={Product Variety Optimization Simultaneously Designing Module Combination and Module Attributes},
journal={Concurrent Engineering},
volume={12},
number={2},
pages={105--118},
isbn={1063-293X},
publisher={SAGE}
}

@inproceedings{martin1997design,
  title={Design for variety: development of complexity indices and design charts},
  author={Martin, Mark V and Ishii, Kosuke},
  booktitle={Proceedings of},
  pages={14--17},
  year={1997}
}

@article{kota2000metric,
  title={A metric for evaluating design commonality in product families},
  author={Kota, Sridhar and Sethuraman, Kannan and Miller, Raymond},
  journal={Journal of Mechanical Design},
  volume={122},
  number={4},
  pages={403--410},
  year={2000},
  publisher={American Society of Mechanical Engineers}
}

